%% This BibTeX bibliography file was created using BibDesk.
%% http://bibdesk.sourceforge.net/


%% Created for klchchottf at 2014-12-11 19:51:04 -0500 


%% Saved with string encoding Unicode (UTF-8) 



@article{toor,
	Author = {{Amar Toor}},
	Date-Added = {2014-12-11 21:05:28 +0000},
	Date-Modified = {2014-12-11 21:07:31 +0000},
	Journal = {{The Verge}},
	Title = {{How Putin's cronies seized control of Russia's Facebook. [online]. available: http://www.theverge.com/2014/1/31/5363990/how-putins-cronies-seized-control-over-russias-facebook-pavel-durov-vk}},
	Year = {2014}}

@article{Krishnamurthy,
	Author = {{Krishnamurthy, Balachander and Wills, Craig}},
	Date-Added = {2014-12-11 20:56:25 +0000},
	Date-Modified = {2014-12-11 20:56:55 +0000},
	Journal = {{Proceedings of the 18th International Conference on World Wide Web}},
	Title = {{Privacy Diffusion on the Web: A Longitudinal Perspective}},
	Year = {2009}}

@url{adblockparser,
	Author = {Scrapinghub},
	Date-Added = {2014-12-11 20:31:16 +0000},
	Date-Modified = {2014-12-11 20:32:29 +0000},
	Title = {{Adblockparser python module. [online]. available: https://github.com/scrapinghub/adblockparser}}}

@url{easylist,
	Date-Added = {2014-11-20 05:20:22 +0000},
	Date-Modified = {2014-11-20 05:21:02 +0000},
	Title = {{Easylist. [online]. available: https://easylist.adblockplus.org}}}

@url{Alexa,
	Author = {Alexa},
	Date-Added = {2014-11-20 05:18:59 +0000},
	Date-Modified = {2014-11-20 05:19:18 +0000},
	Title = {{The top 500 sites on the web. [online]. available: http://www.alexa.com/topsites}}}

@url{amazonregion,
	Date-Added = {2014-11-20 05:17:46 +0000},
	Date-Modified = {2014-11-20 05:18:11 +0000},
	Title = {{Regional Availability of AWS EC2. [online]. available: http://aws.amazon.com/about-aws/global-infrastructure/regional-product-services/}}}

@url{MITM,
	Date-Added = {2014-11-20 05:16:18 +0000},
	Date-Modified = {2014-12-11 21:01:10 +0000},
	Title = {{Bug Report: Issues with MITMProxy and upstream SOCKS proxies. [online]. available: https://github.com/mitmproxy/mitmproxy/issues/211}}}

@url{torsocks5,
	Author = {{Chris Hansen}},
	Date-Added = {2014-11-20 05:14:35 +0000},
	Date-Modified = {2014-12-12 00:51:04 +0000},
	Title = {{How to use Tor as a Socks5 proxy. [online]. available: http://www.deepdotweb.com/2014/05/23/use-tor-socks5-proxy/}}}

@url{adblock,
	Date-Added = {2014-11-20 05:03:47 +0000},
	Date-Modified = {2014-11-20 05:04:41 +0000},
	Title = {{Adblock Plus. [online]. available: https://adblockplus.org/en/about}}}

@url{selenium,
	Author = {SeleniumHQ},
	Date-Added = {2014-10-23 02:33:44 +0000},
	Date-Modified = {2014-10-23 02:34:15 +0000},
	Title = {{SeleniumHQ. [online]. available: http://www.seleniumhq.org/}}}

@article{connolly,
	Author = {{Chris Connolly}},
	Date-Added = {2014-10-23 02:25:41 +0000},
	Date-Modified = {2014-12-11 20:59:50 +0000},
	Journal = {Galexia},
	Title = {{The US Safe Harbor - Fact or Fiction? [online]. available: http://www.galexia.com/public/research/articles/research\_articles-pa08.html}},
	Urldate = {December 2008},
	Year = {2008}}

@article{balebako,
	Author = {{Rebecca Balebako, Pedro G. Leon, Richard Shay, Blase Ur, Yang Wang, Lorrie Faith Cranor}},
	Date-Added = {2014-10-23 02:22:51 +0000},
	Date-Modified = {2014-10-23 02:43:48 +0000},
	Journal = {{In Web 2.0 Workshop on Security and Privacy}},
	Title = {{Measuring the effectiveness of privacy tools for limiting behavioral advertising}},
	Year = {2012}}

@article{sweeney,
	Author = {{Latanya Sweeney}},
	Date-Added = {2014-10-23 02:21:46 +0000},
	Date-Modified = {2014-12-12 00:50:50 +0000},
	Journal = {Queue},
	Title = {{Discrimination in Online Ad Delivery}},
	Year = {2013}}

@article{hannak,
	Author = {{Hannak, Aniko and Sapiezynski, Piotr and Molavi Kakhki, Arash and Krishnamurthy, Balachander and Lazer, David and Mislove, Alan and Wilson, Christo}},
	Date-Added = {2014-10-23 02:21:21 +0000},
	Date-Modified = {2014-12-11 20:54:37 +0000},
	Journal = {{Proceedings of the 22nd International Conference on World Wide Web}},
	Title = {{Measuring Personalization of Web Search}},
	Year = {2013}}

@article{jang,
	Author = {{Jang, Dongseok and Jhala, Ranjit and Lerner, Sorin and Shacham, Hovav}},
	Date-Added = {2014-10-23 02:20:12 +0000},
	Date-Modified = {2014-10-23 02:20:51 +0000},
	Journal = {{Proceedings of the 17th ACM Conference on Computer and Communications Security}},
	Title = {{An empirical study of privacy-violating information flows in JavaScript web applications}},
	Year = {2010}}

@article{Mayer_Mitchell,
	Author = {{Jonathan R. Mayer and John C. Mitchell}},
	Date-Added = {2014-10-23 02:17:30 +0000},
	Date-Modified = {2014-12-11 20:54:11 +0000},
	Journal = {{Security and Privacy (SP), 2012 IEEE Symposium on}},
	Title = {{Third-Party Web Tracking: Policy and Technology}},
	Year = {2012}}

@url{Google_EU_marketingland,
	Author = {{Greg Sterling}},
	Date-Added = {2014-10-23 02:16:25 +0000},
	Date-Modified = {2014-12-12 00:50:39 +0000},
	Title = {{EU Seeking Numerous Google Privacy Disclosures, Policy Changes. [online]. available: http://marketingland.com/consent-google-analytics-one-many-privacy-changes-sought-europe-101495}}}

@url{wsj_fb,
	Author = {{Jack Marshall}},
	Date-Added = {2014-10-23 02:14:49 +0000},
	Date-Modified = {2014-12-12 00:50:30 +0000},
	Title = {{Facebook Extends Reach With New Advertising Platform. [online]. available: http://online.wsj.com/articles/facebook-extends-reach-withad-platform-1411428726}}}

@url{tor,
	Author = {Tor},
	Date-Added = {2014-10-23 02:12:53 +0000},
	Date-Modified = {2014-10-23 02:14:02 +0000},
	Title = {{Tor Project. [online]. available: https://www.torproject.org/index.html.en}}}

@url{openwpm,
	Author = {OpenWPM},
	Date-Added = {2014-10-23 02:10:32 +0000},
	Date-Modified = {2014-10-23 02:14:06 +0000},
	Title = {{OpenWPM. [online]. available: https://github.com/citp/OpenWPM}}}

@article{openwpm_article,
	Author = {{Steven Englehardt, Christian Eubank, Peter Zimmerman, Dillon Reisman, Arvind Narayanan}},
	Date-Added = {2014-10-23 02:09:51 +0000},
	Date-Modified = {2014-10-23 02:10:31 +0000},
	Journal = {Manuscript},
	Title = {{Web Privacy Measurement: Scientific principles, engineering platform, and new results}},
	Year = {2014}}

@book{IAPPbook,
	Author = {{Peter P. Swire and Kenesa Ahmad}},
	Date-Added = {2014-10-21 22:49:26 +0000},
	Date-Modified = {2014-10-21 22:50:40 +0000},
	Publisher = {IAPP},
	Title = {{Foundations of Information Privacy and Data Protection: A Survey of Global Concepts, Laws and Practices}},
	Year = {2012}}
