%% This BibTeX bibliography file was created using BibDesk.
%% http://bibdesk.sourceforge.net/


%% Created for klchchottf at 2014-10-21 19:00:46 -0400 


%% Saved with string encoding Unicode (UTF-8) 



@book{IAPPbook,
	Author = {{Peter P. Swire and Kenesa Ahmad}},
	Date-Added = {2014-10-21 22:49:26 +0000},
	Date-Modified = {2014-10-21 22:50:40 +0000},
	Publisher = {IAPP},
	Title = {{Foundations of Information Privacy and Data Protection: A Survey of Global Concepts, Laws and Practices}},
	Year = {2012}}
